<?xml version="1.0" encoding="UTF-8"?>
<record xmlns="http://www.loc.gov/MARC21/slim" xmlns:xsi="http://www.w3.org/2001/XMLSchema-instance" xsi:schemaLocation="http://www.loc.gov/MARC21/slim http://www.loc.gov/standards/marcxml/schema/MARC21slim.xsd">
<leader>     nam a2200265 a 4500</leader>
<controlfield tag="001">001674738</controlfield>
<controlfield tag="003">NNU</controlfield>
<controlfield tag="005">20061010170926.0</controlfield>
<controlfield tag="008">001208m19811982ir       b    000 0 ara d</controlfield>
<datafield tag="035" ind1="9" ind2=" ">
<subfield code="a">NYUb12217573</subfield>
</datafield>
<datafield tag="035" ind1=" " ind2=" ">
<subfield code="a">(CStRLIN)NYUG00-B4044</subfield>
</datafield>
<datafield tag="040" ind1=" " ind2=" ">
<subfield code="a">NNU</subfield>
<subfield code="c">NNU</subfield>
</datafield>
<datafield tag="043" ind1=" " ind2=" ">
<subfield code="a">a-iq---</subfield>
<subfield code="a">a-ir---</subfield>
</datafield>
<datafield tag="050" ind1=" " ind2="4">
<subfield code="a">DS318.85</subfield>
<subfield code="b">.V5412 1981</subfield>
</datafield>
<datafield tag="066" ind1=" " ind2=" ">
<subfield code="c">(3</subfield>
</datafield>
<datafield tag="090" ind1=" " ind2=" ">
<subfield code="a">DS318.85</subfield>
<subfield code="b">.V5412 1981</subfield>
</datafield>
<datafield tag="245" ind1="0" ind2="0">
<subfield code="6">880-01</subfield>
<subfield code="a">Ṣadá al-ḥarb :</subfield>
<subfield code="b">muqtaṭafāt mimmā katabath́u al-ṣihāfah al-ʻālamīyah ʻan al-ḥarb al-dāʼirah bayna al-ʻIrāq wa-Īrān.</subfield>
</datafield>
<datafield tag="260" ind1=" " ind2=" ">
<subfield code="6">880-02</subfield>
<subfield code="a">Ṭahrān :</subfield>
<subfield code="b">Jumhūrīyat Īrān al-Islāmīyah, wizārat al-Irshād al-Islāmī,</subfield>
<subfield code="c">1402 [1981 or 1982]</subfield>
</datafield>
<datafield tag="300" ind1=" " ind2=" ">
<subfield code="a">105 P. ;</subfield>
<subfield code="c">21 cm.</subfield>
</datafield>
<datafield tag="504" ind1=" " ind2=" ">
<subfield code="a">Includes bibliographical references.</subfield>
</datafield>
<datafield tag="500" ind1=" " ind2=" ">
<subfield code="a">Subtitle varies.</subfield>
</datafield>
<datafield tag="650" ind1=" " ind2="0">
<subfield code="a">Iran-Iraq War, 1980-1988.</subfield>
</datafield>
<datafield tag="650" ind1=" " ind2="0">
<subfield code="a">Iran-Iraq War, 1980-1988</subfield>
<subfield code="x">Public opinion.</subfield>
</datafield>
<datafield tag="880" ind1="0" ind2="0">
<subfield code="6">245-01/</subfield>
<subfield code="a">صدى الحرب :</subfield>
<subfield code="b">مقالات من الصحافة العالمية عن الحرب الدائرة على الحدود الايرانية العراقية .</subfield>
</datafield>
<datafield tag="880" ind1=" " ind2=" ">
<subfield code="6">260-02/</subfield>
<subfield code="a">طهران :</subfield>
<subfield code="b">جمهورية ايران الاسلامية، وزارة الارشاد الاسلامى،</subfield>
<subfield code="c">[١٩٨١ او ١٩٨٢]</subfield>
</datafield>
<datafield tag="OWN" ind1=" " ind2=" ">
<subfield code="a">GENERAL</subfield>
</datafield>
<datafield tag="998" ind1=" " ind2=" ">
<subfield code="a">20001208</subfield>
<subfield code="d">20001208</subfield>
<subfield code="d">20001208</subfield>
<subfield code="n">NNU</subfield>
<subfield code="s">1</subfield>
<subfield code="t">c</subfield>
<subfield code="z">p</subfield>
</datafield>
<datafield tag="AVA" ind1=" " ind2=" ">
<subfield code="a">NYU50</subfield>
<subfield code="b">BOBST</subfield>
<subfield code="c">Main Collection</subfield>
<subfield code="d">DS318.85 .V5412 1981</subfield>
<subfield code="e">unavailable</subfield>
<subfield code="t">Unavailable</subfield>
<subfield code="f">1</subfield>
<subfield code="g">1</subfield>
<subfield code="h">N</subfield>
<subfield code="i">0</subfield>
<subfield code="j">MAIN</subfield>
<subfield code="k">0</subfield>
</datafield>
</record>
